@inproceedings{MAML,
  title={Model-agnostic meta-learning for fast adaptation of deep networks},
  author={Finn, Chelsea and Abbeel, Pieter and Levine, Sergey},
  booktitle={International conference on machine learning},
  pages={1126--1135},
  year={2017},
  organization={PMLR}
}

@article{ProtoNet,
  title={Prototypical networks for few-shot learning},
  author={Snell, Jake and Swersky, Kevin and Zemel, Richard},
  journal={Advances in neural information processing systems},
  volume={30},
  year={2017}
}

@inproceedings{RelationNet,
  title={Learning to compare: Relation network for few-shot learning},
  author={Sung, Flood and Yang, Yongxin and Zhang, Li and Xiang, Tao and Torr, Philip HS and Hospedales, Timothy M},
  booktitle={Proceedings of the IEEE conference on computer vision and pattern recognition},
  pages={1199--1208},
  year={2018}
}

@inproceedings{TapNet,
  title={Tapnet: Neural network augmented with task-adaptive projection for few-shot learning},
  author={Yoon, Sung Whan and Seo, Jun and Moon, Jaekyun},
  booktitle={International conference on machine learning},
  pages={7115--7123},
  year={2019},
  organization={PMLR}
}

@inproceedings{MTL,
  title={Meta-transfer learning for few-shot learning},
  author={Sun, Qianru and Liu, Yaoyao and Chua, Tat-Seng and Schiele, Bernt},
  booktitle={Proceedings of the IEEE/CVF Conference on Computer Vision and Pattern Recognition},
  pages={403--412},
  year={2019}
}

@inproceedings{Shot-Free,
  title={Few-shot learning with embedded class models and shot-free meta training},
  author={Ravichandran, Avinash and Bhotika, Rahul and Soatto, Stefano},
  booktitle={Proceedings of the IEEE/CVF international conference on computer vision},
  pages={331--339},
  year={2019}
}

@inproceedings{DeepEMD,
  title={Deepemd: Few-shot image classification with differentiable earth mover's distance and structured classifiers},
  author={Zhang, Chi and Cai, Yujun and Lin, Guosheng and Shen, Chunhua},
  booktitle={Proceedings of the IEEE/CVF conference on computer vision and pattern recognition},
  pages={12203--12213},
  year={2020}
}

@article{DeepEMDv2,
  title={Deepemd: Differentiable earth mover's distance for few-shot learning},
  author={Zhang, Chi and Cai, Yujun and Lin, Guosheng and Shen, Chunhua},
  journal={IEEE Transactions on Pattern Analysis and Machine Intelligence},
  year={2022},
  publisher={IEEE}
}

@inproceedings{FEAT,
  title={Few-shot learning via embedding adaptation with set-to-set functions},
  author={Ye, Han-Jia and Hu, Hexiang and Zhan, De-Chuan and Sha, Fei},
  booktitle={Proceedings of the IEEE/CVF conference on computer vision and pattern recognition},
  pages={8808--8817},
  year={2020}
}

@inproceedings{RFS,
  title={Rethinking few-shot image classification: a good embedding is all you need?},
  author={Tian, Yonglong and Wang, Yue and Krishnan, Dilip and Tenenbaum, Joshua B and Isola, Phillip},
  booktitle={Computer Vision--ECCV 2020: 16th European Conference, Glasgow, UK, August 23--28, 2020, Proceedings, Part XIV 16},
  pages={266--282},
  year={2020},
  organization={Springer}
}

@inproceedings{AssoAlign,
  title={Associative alignment for few-shot image classification},
  author={Afrasiyabi, Arman and Lalonde, Jean-Fran{\c{c}}ois and Gagn{\'e}, Christian},
  booktitle={Computer Vision--ECCV 2020: 16th European Conference, Glasgow, UK, August 23--28, 2020, Proceedings, Part V 16},
  pages={18--35},
  year={2020},
  organization={Springer}
}

@inproceedings{InfoPatch,
  title={Learning a few-shot embedding model with contrastive learning},
  author={Liu, Chen and Fu, Yanwei and Xu, Chengming and Yang, Siqian and Li, Jilin and Wang, Chengjie and Zhang, Li},
  booktitle={Proceedings of the AAAI Conference on Artificial Intelligence},
  volume={35},
  number={10},
  pages={8635--8643},
  year={2021}
}

@inproceedings{MELR,
  title={Melr: Meta-learning via modeling episode-level relationships for few-shot learning},
  author={Fei, Nanyi and Lu, Zhiwu and Xiang, Tao and Huang, Songfang},
  booktitle={International Conference on Learning Representations},
  year={2021}
}

@inproceedings{IEPT,
  title={IEPT: Instance-level and episode-level pretext tasks for few-shot learning},
  author={Zhang, Manli and Zhang, Jianhong and Lu, Zhiwu and Xiang, Tao and Ding, Mingyu and Huang, Songfang},
  booktitle={International Conference on Learning Representations},
  year={2021}
}

@inproceedings{IER,
  title={Exploring complementary strengths of invariant and equivariant representations for few-shot learning},
  author={Rizve, Mamshad Nayeem and Khan, Salman and Khan, Fahad Shahbaz and Shah, Mubarak},
  booktitle={Proceedings of the IEEE/CVF conference on computer vision and pattern recognition},
  pages={10836--10846},
  year={2021}
}

@inproceedings{Label-Halluc,
  title={Label hallucination for few-shot classification},
  author={Jian, Yiren and Torresani, Lorenzo},
  booktitle={Proceedings of the AAAI Conference on Artificial Intelligence},
  volume={36},
  number={6},
  pages={7005--7014},
  year={2022}
}

@inproceedings{PAL,
  title={Partner-assisted learning for few-shot image classification},
  author={Ma, Jiawei and Xie, Hanchen and Han, Guangxing and Chang, Shih-Fu and Galstyan, Aram and Abd-Almageed, Wael},
  booktitle={Proceedings of the IEEE/CVF International Conference on Computer Vision},
  pages={10573--10582},
  year={2021}
}

@inproceedings{TPMN,
  title={Task-aware part mining network for few-shot learning},
  author={Wu, Jiamin and Zhang, Tianzhu and Zhang, Yongdong and Wu, Feng},
  booktitle={Proceedings of the IEEE/CVF International Conference on Computer Vision},
  pages={8433--8442},
  year={2021}
}

@inproceedings{ConstellationNet,
  title={Attentional constellation nets for few-shot learning},
  author={Xu, Weijian and Xu, Yifan and Wang, Huaijin and Tu, Zhuowen},
  booktitle={International Conference on Learning Representations},
  year={2021}
}

@inproceedings{HGNN,
  title={Hybrid graph neural networks for few-shot learning},
  author={Yu, Tianyuan and He, Sen and Song, Yi-Zhe and Xiang, Tao},
  booktitle={Proceedings of the AAAI conference on artificial intelligence},
  volume={36},
  number={3},
  pages={3179--3187},
  year={2022}
}

@inproceedings{APP2S,
  title={Adaptive poincar{\'e} point to set distance for few-shot classification},
  author={Ma, Rongkai and Fang, Pengfei and Drummond, Tom and Harandi, Mehrtash},
  booktitle={Proceedings of the AAAI conference on artificial intelligence},
  volume={36},
  number={2},
  pages={1926--1934},
  year={2022}
}

@inproceedings{DMN4,
  title={Dmn4: Few-shot learning via discriminative mutual nearest neighbor neural network},
  author={Liu, Yang and Zheng, Tu and Song, Jie and Cai, Deng and He, Xiaofei},
  booktitle={Proceedings of the AAAI Conference on Artificial Intelligence},
  volume={36},
  number={2},
  pages={1828--1836},
  year={2022}
}

@inproceedings{MetaQDA,
  title={Shallow bayesian meta learning for real-world few-shot recognition},
  author={Zhang, Xueting and Meng, Debin and Gouk, Henry and Hospedales, Timothy M},
  booktitle={Proceedings of the IEEE/CVF International Conference on Computer Vision},
  pages={651--660},
  year={2021}
}

@inproceedings{
FewTURE,
title={Rethinking Generalization in Few-Shot Classification},
author={Markus Hiller and Rongkai Ma and Mehrtash Harandi and Tom Drummond},
booktitle={Advances in Neural Information Processing Systems (NeurIPS)},
editor={Alice H. Oh and Alekh Agarwal and Danielle Belgrave and Kyunghyun Cho},
year={2022},
url={https://openreview.net/forum?id=p_g2nHlMus}
}

@inproceedings{MCL,
  title={Learning to affiliate: Mutual centralized learning for few-shot classification},
  author={Liu, Yang and Zhang, Weifeng and Xiang, Chao and Zheng, Tu and Cai, Deng and He, Xiaofei},
  booktitle={Proceedings of the IEEE/CVF Conference on Computer Vision and Pattern Recognition},
  pages={14411--14420},
  year={2022}
}

@inproceedings{ESPT,
  title={ESPT: A Self-Supervised Episodic Spatial Pretext Task for Improving Few-Shot Learning},
  author={Rong, Yi and Lu, Xiongbo and Sun, Zhaoyang and Chen, Yaxiong and Xiong, Shengwu},
  booktitle={Proceedings of the AAAI Conference on Artificial Intelligence},
  year={2023}
}

@article{Meta-HP,
  title={Meta-hallucinating prototype for few-shot learning promotion},
  author={Zhang, Lei and Zhou, Fei and Wei, Wei and Zhang, Yanning},
  journal={Pattern Recognition},
  volume={136},
  pages={109235},
  year={2023},
  publisher={Elsevier}
}

@article{SAPENet,
  title={SAPENet: Self-Attention based Prototype Enhancement Network for Few-shot Learning},
  author={Huang, Xilang and Choi, Seon Han},
  journal={Pattern Recognition},
  volume={135},
  pages={109170},
  year={2023},
  publisher={Elsevier}
}

@article{DFR,
  title={Disentangled feature representation for few-shot image classification},
  author={Cheng, Hao and Wang, Yufei and Li, Haoliang and Kot, Alex C and Wen, Bihan},
  journal={IEEE Transactions on Neural Networks and Learning Systems},
  year={2023},
  publisher={IEEE}
}

@article{STVAE,
  title={Semi-Identical Twins Variational AutoEncoder for Few-Shot Learning},
  author={Zhang, Yi and Huang, Sheng and Peng, Xi and Yang, Dan},
  journal={IEEE Transactions on Neural Networks and Learning Systems},
  year={2023},
  publisher={IEEE}
}

@inproceedings{optimization,
  title={Optimization as a model for few-shot learning},
  author={Ravi, Sachin and Larochelle, Hugo},
  booktitle={International conference on learning representations},
  year={2017}
}

@article{LEO,
  title={Meta-learning with latent embedding optimization},
  author={Rusu, Andrei A and Rao, Dushyant and Sygnowski, Jakub and Vinyals, Oriol and Pascanu, Razvan and Osindero, Simon and Hadsell, Raia},
  journal={arXiv preprint arXiv:1807.05960},
  year={2018}
}

@article{huang2021local,
  title={Local descriptor-based multi-prototype network for few-shot learning},
  author={Huang, Hongwei and Wu, Zhangkai and Li, Wenbin and Huo, Jing and Gao, Yang},
  journal={Pattern Recognition},
  volume={116},
  pages={107935},
  year={2021},
  publisher={Elsevier}
}

@article{Tadam,
  title={Tadam: Task dependent adaptive metric for improved few-shot learning},
  author={Oreshkin, Boris and Rodr{\'\i}guez L{\'o}pez, Pau and Lacoste, Alexandre},
  journal={Advances in neural information processing systems},
  volume={31},
  year={2018}
}

@article{pseudo-ensembles,
  title={Learning with pseudo-ensembles},
  author={Bachman, Philip and Alsharif, Ouais and Precup, Doina},
  journal={Advances in neural information processing systems},
  volume={27},
  year={2014}
}

@article{Temporal-ensembling,
  title={Temporal ensembling for semi-supervised learning},
  author={Laine, Samuli and Aila, Timo},
  journal={arXiv preprint arXiv:1610.02242},
  year={2016}
}

@article{xie2020unsupervised,
  title={Unsupervised data augmentation for consistency training},
  author={Xie, Qizhe and Dai, Zihang and Hovy, Eduard and Luong, Thang and Le, Quoc},
  journal={Advances in neural information processing systems},
  volume={33},
  pages={6256--6268},
  year={2020}
}

@article{Remixmatch,
  title={Remixmatch: Semi-supervised learning with distribution matching and augmentation anchoring},
  author={Kurakin, Alex and Raffel, Colin and Berthelot, David and Cubuk, Ekin Dogus and Zhang, Han and Sohn, Kihyuk and Carlini, Nicholas},
  year={2020}
}

@article{Fixmatch,
  title={Fixmatch: Simplifying semi-supervised learning with consistency and confidence},
  author={Sohn, Kihyuk and Berthelot, David and Carlini, Nicholas and Zhang, Zizhao and Zhang, Han and Raffel, Colin A and Cubuk, Ekin Dogus and Kurakin, Alexey and Li, Chun-Liang},
  journal={Advances in neural information processing systems},
  volume={33},
  pages={596--608},
  year={2020}
}

@inproceedings{SimCLR,
  title={A simple framework for contrastive learning of visual representations},
  author={Chen, Ting and Kornblith, Simon and Norouzi, Mohammad and Hinton, Geoffrey},
  booktitle={International conference on machine learning},
  pages={1597--1607},
  year={2020},
  organization={PMLR}
}

@article{SimCLRv2,
  title={Big self-supervised models are strong semi-supervised learners},
  author={Chen, Ting and Kornblith, Simon and Swersky, Kevin and Norouzi, Mohammad and Hinton, Geoffrey E},
  journal={Advances in neural information processing systems},
  volume={33},
  pages={22243--22255},
  year={2020}
}

@inproceedings{MoCo,
  title={Momentum contrast for unsupervised visual representation learning},
  author={He, Kaiming and Fan, Haoqi and Wu, Yuxin and Xie, Saining and Girshick, Ross},
  booktitle={Proceedings of the IEEE/CVF conference on computer vision and pattern recognition},
  pages={9729--9738},
  year={2020}
}

@article{MoCov2,
  title={Improved baselines with momentum contrastive learning},
  author={Chen, Xinlei and Fan, Haoqi and Girshick, Ross and He, Kaiming},
  journal={arXiv preprint arXiv:2003.04297},
  year={2020}
}

@article{SupCon,
  title={Supervised contrastive learning},
  author={Khosla, Prannay and Teterwak, Piotr and Wang, Chen and Sarna, Aaron and Tian, Yonglong and Isola, Phillip and Maschinot, Aaron and Liu, Ce and Krishnan, Dilip},
  journal={Advances in neural information processing systems},
  volume={33},
  pages={18661--18673},
  year={2020}
}

@article{dhillon2019baseline,
  title={A baseline for few-shot image classification},
  author={Dhillon, Guneet S and Chaudhari, Pratik and Ravichandran, Avinash and Soatto, Stefano},
  journal={arXiv preprint arXiv:1909.02729},
  year={2019}
}

@inproceedings{chencloser,
  title={A Closer Look at Few-shot Classification},
  author={Chen, Wei-Yu and Liu, Yen-Cheng and Kira, Zsolt and Wang, Yu-Chiang Frank and Huang, Jia-Bin},
  booktitle={International Conference on Learning Representations}
}


@article{russakovsky2015imagenet,
  title={Imagenet large scale visual recognition challenge},
  author={Russakovsky, Olga and Deng, Jia and Su, Hao and Krause, Jonathan and Satheesh, Sanjeev and Ma, Sean and Huang, Zhiheng and Karpathy, Andrej and Khosla, Aditya and Bernstein, Michael and others},
  journal={International journal of computer vision},
  volume={115},
  pages={211--252},
  year={2015},
  publisher={Springer}
}

@inproceedings{he2016deep,
  title={Deep residual learning for image recognition},
  author={He, Kaiming and Zhang, Xiangyu and Ren, Shaoqing and Sun, Jian},
  booktitle={Proceedings of the IEEE conference on computer vision and pattern recognition},
  pages={770--778},
  year={2016}
}

@article{krizhevsky2017imagenet,
  title={Imagenet classification with deep convolutional neural networks},
  author={Krizhevsky, Alex and Sutskever, Ilya and Hinton, Geoffrey E},
  journal={Communications of the ACM},
  volume={60},
  number={6},
  pages={84--90},
  year={2017},
  publisher={AcM New York, NY, USA}
}

@inproceedings{yolo,
  title={You only look once: Unified, real-time object detection},
  author={Redmon, Joseph and Divvala, Santosh and Girshick, Ross and Farhadi, Ali},
  booktitle={Proceedings of the IEEE conference on computer vision and pattern recognition},
  pages={779--788},
  year={2016}
}

@inproceedings{FastRcnn,
  title={Fast r-cnn},
  author={Girshick, Ross},
  booktitle={Proceedings of the IEEE international conference on computer vision},
  pages={1440--1448},
  year={2015}
}

@article{FasterRcnn,
  title={Faster r-cnn: Towards real-time object detection with region proposal networks},
  author={Ren, Shaoqing and He, Kaiming and Girshick, Ross and Sun, Jian},
  journal={Advances in neural information processing systems},
  volume={28},
  year={2015}
}

@article{Deeplab,
  title={Deeplab: Semantic image segmentation with deep convolutional nets, atrous convolution, and fully connected crfs},
  author={Chen, Liang-Chieh and Papandreou, George and Kokkinos, Iasonas and Murphy, Kevin and Yuille, Alan L},
  journal={IEEE transactions on pattern analysis and machine intelligence},
  volume={40},
  number={4},
  pages={834--848},
  year={2017},
  publisher={IEEE}
}

@inproceedings{MaskRcnn,
  title={Mask r-cnn},
  author={He, Kaiming and Gkioxari, Georgia and Doll{\'a}r, Piotr and Girshick, Ross},
  booktitle={Proceedings of the IEEE international conference on computer vision},
  pages={2961--2969},
  year={2017}
}

@inproceedings{FullyConv,
  title={Fully convolutional networks for semantic segmentation},
  author={Long, Jonathan and Shelhamer, Evan and Darrell, Trevor},
  booktitle={Proceedings of the IEEE conference on computer vision and pattern recognition},
  pages={3431--3440},
  year={2015}
}

@inproceedings{RENet,
  title={Relational embedding for few-shot classification},
  author={Kang, Dahyun and Kwon, Heeseung and Min, Juhong and Cho, Minsu},
  booktitle={Proceedings of the IEEE/CVF International Conference on Computer Vision},
  pages={8822--8833},
  year={2021}
}

@article{vinyals2016matching,
  title={Matching networks for one shot learning},
  author={Vinyals, Oriol and Blundell, Charles and Lillicrap, Timothy and Wierstra, Daan and others},
  journal={Advances in neural information processing systems},
  volume={29},
  year={2016}
}

@article{ren2018meta,
  title={Meta-learning for semi-supervised few-shot classification},
  author={Ren, Mengye and Triantafillou, Eleni and Ravi, Sachin and Snell, Jake and Swersky, Kevin and Tenenbaum, Joshua B and Larochelle, Hugo and Zemel, Richard S},
  journal={arXiv preprint arXiv:1803.00676},
  year={2018}
}

@inproceedings{deng2009imagenet,
  title={Imagenet: A large-scale hierarchical image database},
  author={Deng, Jia and Dong, Wei and Socher, Richard and Li, Li-Jia and Li, Kai and Fei-Fei, Li},
  booktitle={2009 IEEE conference on computer vision and pattern recognition},
  pages={248--255},
  year={2009},
  organization={Ieee}
}

@article{bertinetto2018meta,
  title={Meta-learning with differentiable closed-form solvers},
  author={Bertinetto, Luca and Henriques, Joao F and Torr, Philip HS and Vedaldi, Andrea},
  journal={arXiv preprint arXiv:1805.08136},
  year={2018}
}

@article{wah2011caltech,
  title={The caltech-ucsd birds-200-2011 dataset},
  author={Wah, Catherine and Branson, Steve and Welinder, Peter and Perona, Pietro and Belongie, Serge},
  year={2011},
  publisher={California Institute of Technology}
}

@article{triantafillou2017few,
  title={Few-shot learning through an information retrieval lens},
  author={Triantafillou, Eleni and Zemel, Richard and Urtasun, Raquel},
  journal={Advances in neural information processing systems},
  volume={30},
  year={2017}
}

@inproceedings{yang2022few,
  title={Few-shot classification with contrastive learning},
  author={Yang, Zhanyuan and Wang, Jinghua and Zhu, Yingying},
  booktitle={Computer Vision--ECCV 2022: 17th European Conference, Tel Aviv, Israel, October 23--27, 2022, Proceedings, Part XX},
  pages={293--309},
  year={2022},
  organization={Springer}
}

@article{JS1,
  title={A new metric for probability distributions},
  author={Endres, Dominik Maria and Schindelin, Johannes E},
  journal={IEEE Transactions on Information theory},
  volume={49},
  number={7},
  pages={1858--1860},
  year={2003},
  publisher={IEEE}
}

@inproceedings{JS2,
  title={Jensen-Shannon divergence and Hilbert space embedding},
  author={Fuglede, Bent and Topsoe, Flemming},
  booktitle={International symposium onInformation theory, 2004. ISIT 2004. Proceedings.},
  pages={31},
  year={2004},
  organization={IEEE}
}

@inproceedings{HandCrafted,
  title={Generally Boosting Few-Shot Learning with HandCrafted Features},
  author={Zhang, Yi and Huang, Sheng and Zhou, Fengtao},
  booktitle={Proceedings of the 29th ACM International Conference on Multimedia},
  pages={3143--3152},
  year={2021}
}

@inproceedings{Spatial,
  title={Spatial contrastive learning for few-shot classification},
  author={Ouali, Yassine and Hudelot, C{\'e}line and Tami, Myriam},
  booktitle={Machine Learning and Knowledge Discovery in Databases. Research Track: European Conference, ECML PKDD 2021, Bilbao, Spain, September 13--17, 2021, Proceedings, Part I 21},
  pages={671--686},
  year={2021},
  organization={Springer}
}

@inproceedings{FSLwCL,
  title={Few-shot classification with contrastive learning},
  author={Yang, Zhanyuan and Wang, Jinghua and Zhu, Yingying},
  booktitle={Computer Vision--ECCV 2022: 17th European Conference, Tel Aviv, Israel, October 23--27, 2022, Proceedings, Part XX},
  pages={293--309},
  year={2022},
  organization={Springer}
}

@inproceedings{SSLforFSL,
  title={Self-supervised learning for few-shot image classification},
  author={Chen, Da and Chen, Yuefeng and Li, Yuhong and Mao, Feng and He, Yuan and Xue, Hui},
  booktitle={ICASSP 2021-2021 IEEE International Conference on Acoustics, Speech and Signal Processing (ICASSP)},
  pages={1745--1749},
  year={2021},
  organization={IEEE}
}

@inproceedings{Pareto,
  title={Pareto self-supervised training for few-shot learning},
  author={Chen, Zhengyu and Ge, Jixie and Zhan, Heshen and Huang, Siteng and Wang, Donglin},
  booktitle={Proceedings of the IEEE/CVF Conference on Computer Vision and Pattern Recognition},
  pages={13663--13672},
  year={2021}
}

@inproceedings{Exemplar,
  title={What Makes Instance Discrimination Good for Transfer Learning?},
  author={Zhao, Nanxuan and Wu, Zhirong and Lau, Rynson WH and Lin, Stephen},
  booktitle={The Ninth International Conference on Learning Representations (ICLR 2021)},
  year={2021}
}

@inproceedings{DeepBDC,
  title={Joint distribution matters: Deep brownian distance covariance for few-shot classification},
  author={Xie, Jiangtao and Long, Fei and Lv, Jiaming and Wang, Qilong and Li, Peihua},
  booktitle={Proceedings of the IEEE/CVF Conference on Computer Vision and Pattern Recognition},
  pages={7972--7981},
  year={2022}
}

@inproceedings{MetaBaseline,
  title={Meta-baseline: Exploring simple meta-learning for few-shot learning},
  author={Chen, Yinbo and Liu, Zhuang and Xu, Huijuan and Darrell, Trevor and Wang, Xiaolong},
  booktitle={Proceedings of the IEEE/CVF International Conference on Computer Vision},
  pages={9062--9071},
  year={2021}
}


@article{DualTriNet,
  title={Multi-level semantic feature augmentation for one-shot learning},
  author={Chen, Zitian and Fu, Yanwei and Zhang, Yinda and Jiang, Yu-Gang and Xue, Xiangyang and Sigal, Leonid},
  journal={IEEE Transactions on Image Processing},
  volume={28},
  number={9},
  pages={4594--4605},
  year={2019},
  publisher={IEEE}
}

@inproceedings{SalNet,
  title={Few-shot learning via saliency-guided hallucination of samples},
  author={Zhang, Hongguang and Zhang, Jing and Koniusz, Piotr},
  booktitle={Proceedings of the IEEE/CVF Conference on Computer Vision and Pattern Recognition},
  pages={2770--2779},
  year={2019}
}

@inproceedings{IDeMe-Net,
  title={Image deformation meta-networks for one-shot learning},
  author={Chen, Zitian and Fu, Yanwei and Wang, Yu-Xiong and Ma, Lin and Liu, Wei and Hebert, Martial},
  booktitle={Proceedings of the IEEE/CVF conference on computer vision and pattern recognition},
  pages={8680--8689},
  year={2019}
}

@inproceedings{AFHN,
  title={Adversarial feature hallucination networks for few-shot learning},
  author={Li, Kai and Zhang, Yulun and Li, Kunpeng and Fu, Yun},
  booktitle={Proceedings of the IEEE/CVF Conference on Computer Vision and Pattern Recognition},
  pages={13470--13479},
  year={2020}
}


%optimization-based
@inproceedings{lee2019meta,
  title={Meta-learning with differentiable convex optimization},
  author={Lee, Kwonjoon and Maji, Subhransu and Ravichandran, Avinash and Soatto, Stefano},
  booktitle={Proceedings of the IEEE/CVF conference on computer vision and pattern recognition},
  pages={10657--10665},
  year={2019}
}


%IVC
@article{guo2023contrastive,
  title={Contrastive learning with semantic consistency constraint},
  author={Guo, Huijie and Shi, Lei},
  journal={Image and Vision Computing},
  pages={104754},
  year={2023},
  publisher={Elsevier}
}

@article{wang2022arco,
  title={ArCo: Attention-reinforced transformer with contrastive learning for image captioning},
  author={Wang, Zhongan and Shi, Shuai and Zhai, Zirong and Wu, Yingna and Yang, Rui},
  journal={Image and Vision Computing},
  volume={128},
  pages={104570},
  year={2022},
  publisher={Elsevier}
}

@article{zhao2023dual,
  title={Dual-level contrastive learning for unsupervised person re-identification},
  author={Zhao, Yu and Shu, Qiaoyuan and Shi, Xi},
  journal={Image and Vision Computing},
  volume={129},
  pages={104607},
  year={2023},
  publisher={Elsevier}
}

@article{zhao2023unsupervised,
  title={Unsupervised person re-identification by dynamic hybrid contrastive learning},
  author={Zhao, Yu and Shu, Qiaoyuan and Shi, Xi and Zhan, Jian},
  journal={Image and Vision Computing},
  volume={137},
  pages={104786},
  year={2023},
  publisher={Elsevier}
}

@article{GIFSL,
  title={GIFSL-grafting based improved few-shot learning},
  author={Mazumder, Pratik and Singh, Pravendra and Namboodiri, Vinay P},
  journal={Image and Vision Computing},
  volume={104},
  pages={104006},
  year={2020},
  publisher={Elsevier}
}

@article{PDA,
  title={PDA: Proxy-based domain adaptation for few-shot image recognition},
  author={Liu, Ge and Zhao, Linglan and Fang, Xiangzhong},
  journal={Image and Vision Computing},
  volume={110},
  pages={104164},
  year={2021},
  publisher={Elsevier}
}

@article{DGAP,
  title={Dual global-aware propagation for few-shot learning},
  author={Cui, Zhiyan and Lu, Na and Wang, Weifeng and Guo, Guangshuai},
  journal={Image and Vision Computing},
  volume={128},
  pages={104574},
  year={2022},
  publisher={Elsevier}
}

@article{WPE,
  title={WPE: Weighted prototype estimation for few-shot learning},
  author={Cao, Jiangzhong and Yao, Zijie and Yu, Lianggeng and Ling, Bingo Wing-Kuen},
  journal={Image and Vision Computing},
  volume={137},
  pages={104757},
  year={2023},
  publisher={Elsevier}
}

@article{zhu2023light,
  title={Light transformer learning embedding for few-shot classification with task-based enhancement},
  author={Zhu, Hegui and Zhao, Rong and Gao, Zhan and Tang, Qingsong and Jiang, Wuming},
  journal={Applied Intelligence},
  volume={53},
  number={7},
  pages={7970--7987},
  year={2023},
  publisher={Springer}
}

@inproceedings{lee2020self,
  title={Self-supervised label augmentation via input transformations},
  author={Lee, Hankook and Hwang, Sung Ju and Shin, Jinwoo},
  booktitle={International Conference on Machine Learning},
  pages={5714--5724},
  year={2020},
  organization={PMLR}
}


#####################
@InProceedings{FGFL,
    author    = {Cheng, Hao and Yang, Siyuan and Zhou, Joey Tianyi and Guo, Lanqing and Wen, Bihan},
    title     = {Frequency Guidance Matters in Few-Shot Learning},
    booktitle = {Proceedings of the IEEE/CVF International Conference on Computer Vision (ICCV)},
    month     = {October},
    year      = {2023},
    pages     = {11814-11824}
}

@article{MetaDiff,
  title={MetaDiff: Meta-Learning with Conditional Diffusion for Few-Shot Learning},
  author={Zhang, Baoquan and Yu, Demin},
  journal={arXiv preprint arXiv:2307.16424},
  year={2023}
}

@article{AFR,
  title={Boosting Few-Shot Learning via Attentive Feature Regularization},
  author={Zhu, Xingyu and Wang, Shuo and Lu, Jinda and Hao, Yanbin and Liu, Haifeng and He, Xiangnan},
  year={2024}
}

@inproceedings{KTN,
  title={Few-shot image recognition with knowledge transfer},
  author={Peng, Zhimao and Li, Zechao and Zhang, Junge and Li, Yan and Qi, Guo-Jun and Tang, Jinhui},
  booktitle={Proceedings of the IEEE/CVF international conference on computer vision},
  pages={441--449},
  year={2019}
}

@article{AM3,
  title={Adaptive cross-modal few-shot learning},
  author={Xing, Chen and Rostamzadeh, Negar and Oreshkin, Boris and O Pinheiro, Pedro O},
  journal={Advances in Neural Information Processing Systems},
  volume={32},
  year={2019}
}

@inproceedings{TRAML,
  title={Boosting few-shot learning with adaptive margin loss},
  author={Li, Aoxue and Huang, Weiran and Lan, Xu and Feng, Jiashi and Li, Zhenguo and Wang, Liwei},
  booktitle={Proceedings of the IEEE/CVF conference on computer vision and pattern recognition},
  pages={12576--12584},
  year={2020}
}

@inproceedings{yan2021aligning,
  title={Aligning visual prototypes with bert embeddings for few-shot learning},
  author={Yan, Kun and Bouraoui, Zied and Wang, Ping and Jameel, Shoaib and Schockaert, Steven},
  booktitle={Proceedings of the 2021 International Conference on Multimedia Retrieval},
  pages={367--375},
  year={2021}
}

@inproceedings{SP-CLIP,
  title={Semantic Prompt for Few-Shot Image Recognition},
  author={Chen, Wentao and Si, Chenyang and Zhang, Zhang and Wang, Liang and Wang, Zilei and Tan, Tieniu},
  booktitle={Proceedings of the IEEE/CVF Conference on Computer Vision and Pattern Recognition},
  pages={23581--23591},
  year={2023}
}

@inproceedings{CMGNN-DPGN,
  title={Cross-modality graph neural network for few-shot learning},
  author={Liu, Shubao and Xie, Yuan and Yuan, Wang and Ma, Lizhuang},
  booktitle={2021 IEEE International Conference on Multimedia and Expo (ICME)},
  pages={1--6},
  year={2021},
  organization={IEEE}
}

@article{mikolov2013efficient,
  title={Efficient estimation of word representations in vector space},
  author={Mikolov, Tomas and Chen, Kai and Corrado, Greg and Dean, Jeffrey},
  journal={arXiv preprint arXiv:1301.3781},
  year={2013}
}

@article{Word2Vec,
  title={Distributed representations of words and phrases and their compositionality},
  author={Mikolov, Tomas and Sutskever, Ilya and Chen, Kai and Corrado, Greg S and Dean, Jeff},
  journal={Advances in neural information processing systems},
  volume={26},
  year={2013}
}

@inproceedings{GloVe,
  title={Glove: Global vectors for word representation},
  author={Pennington, Jeffrey and Socher, Richard and Manning, Christopher D},
  booktitle={Proceedings of the 2014 conference on empirical methods in natural language processing (EMNLP)},
  pages={1532--1543},
  year={2014}
}

@inproceedings{Bert,
  title={BERT: Pre-training of Deep Bidirectional Transformers for Language Understanding},
  author={Devlin, Jacob and Chang, Ming-Wei and Lee, Kenton and Toutanova, Kristina},
  booktitle={In Proceedings of the 2019 Conference of the North American Chapter of the Association for Computational Linguistics: Human Language Technologies},
  volume={1},
  pages={4171–-4186},
  year={2019}
}

@inproceedings{Clip,
  title={Learning transferable visual models from natural language supervision},
  author={Radford, Alec and Kim, Jong Wook and Hallacy, Chris and Ramesh, Aditya and Goh, Gabriel and Agarwal, Sandhini and Sastry, Girish and Askell, Amanda and Mishkin, Pamela and Clark, Jack and others},
  booktitle={International conference on machine learning},
  pages={8748--8763},
  year={2021},
  organization={PMLR}
}

#零样本分类
@inproceedings{metric1,
  title={Label-embedding for attribute-based classification},
  author={Akata, Zeynep and Perronnin, Florent and Harchaoui, Zaid and Schmid, Cordelia},
  booktitle={Proceedings of the IEEE conference on computer vision and pattern recognition},
  pages={819--826},
  year={2013}
}

@article{metric2,
  title={Zero-shot learning via category-specific visual-semantic mapping and label refinement},
  author={Niu, Li and Cai, Jianfei and Veeraraghavan, Ashok and Zhang, Liqing},
  journal={IEEE Transactions on Image Processing},
  volume={28},
  number={2},
  pages={965--979},
  year={2018},
  publisher={IEEE}
}

@inproceedings{metric3,
  title={Transductive unbiased embedding for zero-shot learning},
  author={Song, Jie and Shen, Chengchao and Yang, Yezhou and Liu, Yang and Song, Mingli},
  booktitle={Proceedings of the IEEE conference on computer vision and pattern recognition},
  pages={1024--1033},
  year={2018}
}

@inproceedings{generative1,
  title={Feature generating networks for zero-shot learning},
  author={Xian, Yongqin and Lorenz, Tobias and Schiele, Bernt and Akata, Zeynep},
  booktitle={Proceedings of the IEEE conference on computer vision and pattern recognition},
  pages={5542--5551},
  year={2018}
}

@inproceedings{generative2,
  title={Leveraging seen and unseen semantic relationships for generative zero-shot learning},
  author={Vyas, Maunil R and Venkateswara, Hemanth and Panchanathan, Sethuraman},
  booktitle={Computer Vision--ECCV 2020: 16th European Conference, Glasgow, UK, August 23--28, 2020, Proceedings, Part XXX 16},
  pages={70--86},
  year={2020},
  organization={Springer}
}

@inproceedings{generative3,
  title={Boosting generative zero-shot learning by synthesizing diverse features with attribute augmentation},
  author={Zhao, Xiaojie and Shen, Yuming and Wang, Shidong and Zhang, Haofeng},
  booktitle={Proceedings of the AAAI Conference on Artificial Intelligence},
  volume={36},
  number={3},
  pages={3454--3462},
  year={2022}
}

#########
@article{GAN,
  title={Generative adversarial nets},
  author={Goodfellow, Ian and Pouget-Abadie, Jean and Mirza, Mehdi and Xu, Bing and Warde-Farley, David and Ozair, Sherjil and Courville, Aaron and Bengio, Yoshua},
  journal={Advances in neural information processing systems},
  volume={27},
  year={2014}
}

@article{diffusion,
  title={Denoising diffusion probabilistic models},
  author={Ho, Jonathan and Jain, Ajay and Abbeel, Pieter},
  journal={Advances in neural information processing systems},
  volume={33},
  pages={6840--6851},
  year={2020}
}

@inproceedings{SBERT,
  title={Sentence-BERT: Sentence Embeddings using Siamese BERT-Networks},
  author={Reimers, Nils and Gurevych, Iryna},
  booktitle={Proceedings of the 2019 Conference on Empirical Methods in Natural Language Processing and the 9th International Joint Conference on Natural Language Processing (EMNLP-IJCNLP)},
  pages={3982--3992},
  year={2019}
}

@article{RoBERTa,
  title={Roberta: A robustly optimized bert pretraining approach},
  author={Liu, Yinhan and Ott, Myle and Goyal, Naman and Du, Jingfei and Joshi, Mandar and Chen, Danqi and Levy, Omer and Lewis, Mike and Zettlemoyer, Luke and Stoyanov, Veselin},
  journal={arXiv preprint arXiv:1907.11692},
  year={2019}
}

@inproceedings{ALBERT,
  title={ALBERT: A Lite BERT for Self-supervised Learning of Language Representations},
  author={Lan, Zhenzhong and Chen, Mingda and Goodman, Sebastian and Gimpel, Kevin and Sharma, Piyush and Soricut, Radu},
  booktitle={International Conference on Learning Representations},
  year={2019}
}

@article{赵凯琳2020小样本学习研究综述,
  title={小样本学习研究综述},
  author={赵凯琳 and 靳小龙 and 王元卓},
  journal={软件学报},
  volume={32},
  number={2},
  pages={349--369},
  year={2020}
}

@article{小样本困境下的深度学习图像识别综述,
author = { 葛轶洲 and  刘恒 and  王言 and  徐百乐 and  周青 and  申富饶 },
title = {小样本困境下的深度学习图像识别综述},
journal = {软件学报},
volume = {33},
pages = {193-210},
year = {2022},
issn = {1000-9825},
doi = {10.13328/j.cnki.jos.006342}
}

@article{图像分类,
  title={图像物体分类与检测算法综述},
  author={黄凯奇 and 任伟强 and 谭铁牛},
  journal={计算机学报},
  volume={37},
  number={6},
  pages={1225--1240},
  year={2014}
}

@article{语义分割,
author = { 青晨 and  禹晶 and  肖创柏 and  段娟 },
title = {深度卷积神经网络图像语义分割研究进展},
journal = {中国图象图形学报},
volume = {25},
pages = {1069-1090},
year = {2020},
issn = {1006-8961},
}

@article{元学习,
author = { 李凡长 and  刘洋 and  吴鹏翔 and  董方 and  蔡奇 and  王哲 },
title = {元学习研究综述},
journal = {计算机学报},
volume = {44},
pages = {422-446},
year = {2021},
issn = {0254-4164},
}

@article{度量学习,
author = { 刘鑫 and  周凯锐 and  何玉琳 and  景丽萍 and  于剑 },
title = {基于度量的小样本分类方法研究综述},
journal = {模式识别与人工智能},
volume = {34},
pages = {909-923},
year = {2021},
issn = {1003-6059},
doi = {10.16451/j.cnki.issn1003-6059.202110004}
}

@article{零样本学习,
author = { 张鲁宁 and  左信 and  刘建伟 },
title = {零样本学习研究进展},
journal = {自动化学报},
volume = {46},
pages = {1-23},
year = {2020},
issn = {0254-4156},
doi = {10.16383/j.aas.c180429}
}